%% This BibTeX bibliography file was created using BibDesk.
%% http://bibdesk.sourceforge.net/


%% Created for mai at 2016-11-24 11:02:36 +0700 


%% Saved with string encoding Unicode (UTF-8) 



@article{LMK97,
	Author = {H. Le and P. Moin and J. Kim},
	Date-Added = {2016-10-23 16:13:22 +0000},
	Date-Modified = {2016-10-23 16:15:55 +0000},
	Journal = {J. Fluid Mech},
	Number = {349-374},
	Title = {Direct numerical simulation of turbulent flow over a backward-facing step},
	Volume = {330},
	Year = {1997}}

@article{ADPS83,
	Author = {B. F. Armaly and F. Durst and J. C. F. Pereira and B. Schonung},
	Date-Added = {2016-10-23 16:06:23 +0000},
	Date-Modified = {2016-10-23 16:18:05 +0000},
	Journal = {J . Fluid Mech.},
	Pages = {473-496},
	Title = {Experimental and theoretical investigation of backward-facing step flow},
	Volume = {127},
	Year = {1983}}

@article{Zhi11,
	Author = {S. Zhi},
	Date-Added = {2016-10-22 04:57:17 +0000},
	Date-Modified = {2016-10-22 04:57:17 +0000},
	Journal = {Numerical Algorithms},
	Number = {2},
	Pages = {271-300},
	Title = {Second order modified method of characteristics mixed defect-correction finite element method for time dependent \text{Navier-Stokes} problems},
	Volume = {59},
	Year = {2012},
	Bdsk-File-1 = {YnBsaXN0MDDUAQIDBAUGJCVYJHZlcnNpb25YJG9iamVjdHNZJGFyY2hpdmVyVCR0b3ASAAGGoKgHCBMUFRYaIVUkbnVsbNMJCgsMDxJXTlMua2V5c1pOUy5vYmplY3RzViRjbGFzc6INDoACgAOiEBGABIAFgAdccmVsYXRpdmVQYXRoWWFsaWFzRGF0YV8QMy4uLy4uL3JlZmVyZW5jZS9DaGFyYWN0ZXJpc3RpYy9jaGFyYWN0ZXJpc3RpY08yLnBkZtIXCxgZV05TLmRhdGFPEQG4AAAAAAG4AAIAAAxNYWNpbnRvc2ggSEQAAAAAAAAAAAAAAAAAAADIw4wnSCsAAAGYCaUUY2hhcmFjdGVyaXN0aWNPMi5wZGYAAAAAAAAAAAAAAAAAAAAAAAAAAAAAAAAAAAAAAAAAAAAAAAAAAAAAAAAAAcjufs1WmEEAAAAAAAAAAAACAAMAAAkgAAAAAAAAAAAAAAAAAAAADkNoYXJhY3RlcmlzdGljABAACAAAyMMptwAAABEACAAAzVY10QAAAAEAEAGYCaUBZhTuAVINmgAAlkIAAgBITWFjaW50b3NoIEhEOlVzZXJzOgBtYWk6AHJlZmVyZW5jZToAQ2hhcmFjdGVyaXN0aWM6AGNoYXJhY3RlcmlzdGljTzIucGRmAA4AKgAUAGMAaABhAHIAYQBjAHQAZQByAGkAcwB0AGkAYwBPADIALgBwAGQAZgAPABoADABNAGEAYwBpAG4AdABvAHMAaAAgAEgARAASADdVc2Vycy9tYWkvcmVmZXJlbmNlL0NoYXJhY3RlcmlzdGljL2NoYXJhY3RlcmlzdGljTzIucGRmAAATAAEvAAAVAAIACv//AACABtIbHB0eWiRjbGFzc25hbWVYJGNsYXNzZXNdTlNNdXRhYmxlRGF0YaMdHyBWTlNEYXRhWE5TT2JqZWN00hscIiNcTlNEaWN0aW9uYXJ5oiIgXxAPTlNLZXllZEFyY2hpdmVy0SYnVHJvb3SAAQAIABEAGgAjAC0AMgA3AEAARgBNAFUAYABnAGoAbABuAHEAcwB1AHcAhACOAMQAyQDRAo0CjwKUAp8CqAK2AroCwQLKAs8C3ALfAvEC9AL5AAAAAAAAAgEAAAAAAAAAKAAAAAAAAAAAAAAAAAAAAvs=}}

@article{Sul98,
	Author = {E. Suli},
	Date-Added = {2016-10-22 04:56:53 +0000},
	Date-Modified = {2016-10-22 04:56:53 +0000},
	Journal = {Numercical Mathematic},
	Pages = {459-483},
	Title = {Convergence and nonlinear stability of the \text{Lagrange-Galerkin} method for the \text{Navier-Stokes} equations},
	Volume = {53},
	Year = {1998}}

@article{APV14,
	Author = {R. Araya and A. H. Poza and Fr{\'e}d{\'e}ric Valentin},
	Date-Added = {2016-10-22 04:56:32 +0000},
	Date-Modified = {2016-10-22 04:56:32 +0000},
	Journal = {Adv Comput Math},
	Title = {An adaptive residual local projection finite element method for the \text{Navier--Stokes} equations},
	Year = {2014}}

@article{ABPV12,
	Author = {R. Araya and G. R. Barrenechea and A. H. Poza and F. Valentin},
	Date-Added = {2016-10-22 04:56:20 +0000},
	Date-Modified = {2016-10-22 04:56:20 +0000},
	Journal = {SIAM J. Numer. Anal.},
	Number = {2},
	Pages = {669-699},
	Title = {Convergence analysis of a residual local projection finite element method for the \text{Navier-Stokes} equations.},
	Volume = {50},
	Year = {2012}}

@article{YJ07,
	Author = {G. Yang and P. Jiang},
	Date-Added = {2016-10-22 04:56:05 +0000},
	Date-Modified = {2016-10-22 04:56:05 +0000},
	Journal = {Applied Mathematics and Computation},
	Pages = {194-205},
	Title = {\text{SSOR} and \text{ASSOR} preconditioners for \text{Block-Broyden} method},
	Volume = {188},
	Year = {2007}}

@book{Saa03,
	Address = {Philadelphia, PA},
	Author = {Y. Saad},
	Date-Added = {2016-10-22 04:55:47 +0000},
	Date-Modified = {2016-10-22 04:55:47 +0000},
	Publisher = {Society for Industrial and Applied Mathematics},
	Title = {Iterative methods for sparse linear systems},
	Year = {2003}}

@booklet{She94,
	Address = {School of Computer Science, Carnegie Mellon University, Pittsburgh},
	Author = {J.R. Shewchuk},
	Date-Added = {2016-10-22 04:55:21 +0000},
	Date-Modified = {2016-10-22 04:55:21 +0000},
	Title = {An introduction to the conjugate gradient method without the agonizing pain},
	Year = {1994}}

@book{GR86,
	Author = {V. Girault and P.A Raviart},
	Date-Added = {2016-10-22 04:54:50 +0000},
	Date-Modified = {2016-10-22 04:54:50 +0000},
	Publisher = {Springer Verlag},
	Title = {Finite Element Methods for Navier-Stokes Equations},
	Year = {1986}}

@article{PLT92,
	Author = {O. Pironneau and J. Liou and T. Tezduyar},
	Date-Added = {2016-10-22 04:54:11 +0000},
	Date-Modified = {2016-10-22 04:54:11 +0000},
	Journal = {Computer Methods in Applied Mechanics and Engineering},
	Number = {117-141},
	Title = {\text{Characteristic-Galerkin} and \text{Galerkin}/least-squares space-time formulations for the advectiondiffusion equation with time-denpendent domains},
	Volume = {100},
	Year = {1992}}

@article{Mau95,
	Author = {B. Maury},
	Date-Added = {2016-10-21 09:56:08 +0000},
	Date-Modified = {2016-10-21 09:59:36 +0000},
	Journal = {Comp. Fluid Dym},
	Pages = {175-188},
	Title = {Characteristic ALE Method for the Unsteady 3D Navier-Stokes Equations with a Free Surface},
	Volume = {6},
	Year = {1996}}

@article{BH08,
	Author = {R. Becker and P. Hansbo},
	Date-Added = {2016-10-21 09:36:27 +0000},
	Date-Modified = {2016-10-21 09:38:07 +0000},
	Journal = {Commun. Numer. Meth. Engng},
	Pages = {1421-1430},
	Title = {A simple pressure stabilization method for the Stokes equation},
	Volume = {24},
	Year = {2008}}

@article{BF08,
	Author = {E. Burman and M. A. Fernandez},
	Date-Added = {2016-10-21 09:29:23 +0000},
	Date-Modified = {2016-11-24 04:02:30 +0000},
	Journal = {SIAM Journal on Numerical Analysis, Society for Industrial and Applied Mathematics},
	Number = {1},
	Pages = {409-439},
	Title = {Galerkin nite element methods with symmetric pressure stabilization for the transient Stokes 'equations: stability and convergence analysis.},
	Volume = {47},
	Year = {2008}}

@book{BF91,
	Author = {F. Brezzi and M. Fortin},
	Date-Added = {2016-10-21 09:12:49 +0000},
	Date-Modified = {2016-10-23 16:31:55 +0000},
	Publisher = {Springer-Verlag, New-York},
	Series = {Springer Series in Computational Mathematics},
	Title = {Mixed and Hybrid Finite Element Methods},
	Volume = {vol. 15},
	Year = {1991}}

@unpublished{ABF84,
	Author = {D. Arnold and F. Brezzi and M. Fortin},
	Date-Added = {2016-10-21 08:55:37 +0000},
	Date-Modified = {2016-10-22 05:01:44 +0000},
	Note = {Calcolo 23},
	Pages = {337--344},
	Title = {A stable finite element for the Stokes equations},
	Volume = {4},
	Year = {1984}}

@inbook{DT80,
	Author = {A. Dervieux and F. Thomasset},
	Booktitle = {Approximation Methods for Navier-Stokes problems},
	Pages = {145-158},
	Publisher = {Springer-Verlag, Berlin},
	Series = {Lecture Notes in Mathematics},
	Title = {A finite element method for the simulation of a Rayleigh-Taylor instablity},
	Volume = {771},
	Year = {1980}}

@article{Bur03,
	Author = {M. Burger},
	Journal = {Interfaces and Free Boundaries},
	Pages = {301-329},
	Title = {A framework for the construction of level-set methods for shape optimization and reconstruction},
	Volume = {5},
	Year = {2003}}

@article{CIL92,
	Author = {M. Crandall and H. Ishii and P. Lions},
	Journal = {Bull. Amer. Math. Soc.},
	Pages = {1-67},
	Volume = {27},
	Year = {1992}}

@article{OS88,
	Author = {S. Osher and J.A. Sethian},
	Journal = {Journal of Computational Physics},
	Pages = {1-49},
	Title = {Fronts propagating with curvature-dependent speed: algorithms based on \text{Hamilton-Jacobi} formulations-Jacobi formulations},
	Volume = {79},
	Year = {1988}}

@book{BBD+06,
	Author = {D. Boffi and F. Brezzi and L. F. Demkowicz and R. G. Dur\'an and Richard S. Falk and M Fortin},
	Date-Added = {2014-04-22 08:27:06 +0000},
	Date-Modified = {2014-04-22 08:32:34 +0000},
	Publisher = {Springer},
	Title = {Mixed Finite Elements, Compatibility Conditions, and Applications},
	Year = {2006}}

@book{AHU58,
	Author = {K.J. Arrow and L. Hurwicz and H. Uzawa},
	Date-Added = {2014-04-17 14:05:42 +0000},
	Date-Modified = {2014-05-20 09:24:43 +0000},
	Publisher = {Stanford University Press, Stanford, Calif},
	Title = {Studies in linear and non-linear programming},
	Volume = {II},
	Year = {1958}}

@phdthesis{Dap12,
	Author = {C. Dapogny},
	Date-Added = {2014-04-17 09:34:52 +0000},
	Date-Modified = {2014-04-17 09:36:46 +0000},
	School = {Universite Pierre et Marie Curie},
	Title = {Shape optimization, level set methods on unstructured meshes and mesh evolution},
	Year = {2012}}

@book{All06,
	Author = {G. Allaire},
	Date-Added = {2014-04-16 08:26:43 +0000},
	Date-Modified = {2014-04-16 08:28:40 +0000},
	Publisher = {Springer, Heidelberg},
	Title = {Conception optimale de structures, Mathematiques et Applications},
	Volume = {58},
	Year = {2006}}

@conference{BIK+80,
	Author = {J.P. Benqu{\'e} and B. Ibler and A. Keramsi and G. Labadir},
	Booktitle = {Proceedings of the third international conference on the finite elements in flow problems},
	Title = {A finite element method for the \text{Navier-Stokes} equations},
	Year = {1980}}

@conference{MGR06,
	Address = {TU Delft, Delft The Netherland},
	Author = {E. Marchandise and P. Geuzainey and J.F Remacle},
	Booktitle = {European Conference on Computational Fluid Dynamics},
	Date-Added = {2013-12-18 12:56:17 +0000},
	Date-Modified = {2013-12-18 13:00:23 +0000},
	Title = {LEVEL SET BASED PARALLEL COMPUTATIONS OF UNSTEADY FREE SURFACE FLOWS},
	Year = {2006}}

@article{ALT+98,
	Author = {G. Agresar and J.J. Linderman and G. Tryggvason and K.G. Powell},
	Date-Added = {2013-12-18 09:37:00 +0000},
	Date-Modified = {2014-05-20 10:20:11 +0000},
	Journal = {Journal of Computational Physics},
	Number = {346-380},
	Title = {An Adaptive, Cartesian, Front-Tracking Method for the Motion, Deformation and Adhesion of Circulating Cells},
	Volume = {143},
	Year = {1998}}

@article{DF11,
	Author = {C. Dapogny and P. Frey},
	Date-Added = {2013-12-17 11:13:10 +0000},
	Date-Modified = {2013-12-17 11:13:54 +0000},
	Journal = {Journal of Computational Physics},
	Title = {Computation of the signed distance function to a discrete contour on adapted triangulation.},
	Year = {2011}}

@article{AF05,
	Author = {P.J. Frey and F. Alauzet},
	Date-Added = {2013-12-17 11:10:20 +0000},
	Date-Modified = {2014-05-20 09:19:03 +0000},
	Journal = {Computer Methods in Applied Mechanics and Engineering},
	Pages = {5068-5082},
	Title = {Anisotropic mesh adaptation for \text{CFD} computations},
	Volume = {194},
	Year = {2005}}

@techreport{AF03,
	Author = {F. Alauzet and P. Frey},
	Date-Added = {2013-12-17 11:00:07 +0000},
	Date-Modified = {2013-12-17 11:05:12 +0000},
	Institution = {INRIA},
	Title = {Estimateur d'erreur g{\'e}om{\'e}trique et m{\'e}triques anisotropes pour l'adaptation de maillage. Partie I: aspects th{\'e}oriques.},
	Type = {RR-4759},
	Year = {2003}}

@article{YJL+06,
	Author = {X. Yang and others},
	Journal = {Journal of Computational Physics},
	Pages = {364-394},
	Title = {An adaptive coupled level-set/volume-of-fluid interface capturing method for unstructured triangular grids},
	Volume = {217},
	Year = {2006}}

@article{SJ09,
	Author = {S. Shin and D. Juric},
	Date-Added = {2013-12-17 09:28:31 +0000},
	Date-Modified = {2014-05-20 11:58:48 +0000},
	Journal = {International Journal for Numerical Methods in Fluids},
	Number = {753-778},
	Title = {A hybrid interface method for three dimensional multiphase flows based on front tracking and level set techniques},
	Volume = {60},
	Year = {2009}}

@article{AMW98,
	Author = {D.M. Anderson and G.B. McFadden and A.A. Wheeler},
	Date-Added = {2013-12-17 09:10:06 +0000},
	Date-Modified = {2014-05-20 10:21:14 +0000},
	Journal = {Annual Review of Fluid Mechanics},
	Pages = {139-165},
	Title = {DIFFUSE-INTERFACE METHODS IN FLUID MECHANICS},
	Volume = {30},
	Year = {1998}}

@article{SP00,
	Author = {M. Sussman and E.G. Puckett},
	Date-Added = {2013-12-17 09:10:05 +0000},
	Date-Modified = {2014-04-15 15:42:50 +0000},
	Journal = {Journal of Computational Physics},
	Pages = {301-337},
	Title = {A coupled level set and volume-of-fluid method for computing 3D and axisymmetric incompressible two-phase flows},
	Volume = {162},
	Year = {2000}}

@article{MG07,
	Author = {C. Min and F. Gibou},
	Date-Added = {2013-12-17 08:19:57 +0000},
	Date-Modified = {2013-12-17 08:21:55 +0000},
	Journal = {Journal of Computational Physics},
	Pages = {300-321},
	Title = {A Second Order Accurate Level Set Method on Non-graded Adaptive Cartesian Grids.},
	Volume = {225},
	Year = {2007}}

@article{EFF+02,
	Author = {D. Enright and R. Fedkiw and J. Ferziger and I. Mitchell},
	Date-Added = {2013-12-17 08:15:33 +0000},
	Date-Modified = {2013-12-17 08:18:49 +0000},
	Journal = {Journal of Computational Physics, 183 (2002)},
	Pages = {83-116},
	Title = {A Hybrid Particle Level Set Method for Improved Interface Capturing},
	Volume = {183},
	Year = {2002}}

@book{Pir89,
	Author = {O. Pironneau},
	Date-Added = {2013-12-16 09:00:46 +0000},
	Date-Modified = {2013-12-16 09:05:26 +0000},
	Publisher = {Wiley},
	Title = {The finite element methods for fluids},
	Year = {1989}}

@article{Pir10,
	Author = {O. Pironneau},
	Date-Added = {2013-12-16 08:54:53 +0000},
	Date-Modified = {2013-12-16 09:00:41 +0000},
	Journal = {Journal of Scientific Computing},
	Pages = {402-415},
	Title = {Finite Element Characteristic Methods Requiring no Quadrature},
	Volume = {43},
	Year = {2010}}

@article{Den94,
	Author = {I. Denisova},
	Journal = {Acta Appl. Math.},
	Pages = {31-40},
	Title = {Problem of the motion of two viscous incompressible fluids separated by a closed free interface},
	Volume = {37},
	Year = {1994}}

@article{SFS+98,
	Author = {M. Sussman and E. Fatemi and P. Smereka and S. Osher},
	Date-Added = {2013-12-13 16:27:16 +0000},
	Date-Modified = {2014-04-15 15:45:00 +0000},
	Journal = {Computers and Fluids},
	Pages = {663-680},
	Title = {An improved level set method for incompressible two-fluid flows},
	Volume = {27},
	Year = {1998}}

@article{MRC06,
	Author = {E. Marchandise and J.F. Remacle and N. Chevaugeon},
	Date-Added = {2013-12-13 16:01:38 +0000},
	Date-Modified = {2014-05-20 09:35:39 +0000},
	Journal = {Journal of Computational Physics},
	Number = {338-357},
	Title = {A quadrature-free discontinuous \text{Galerkin} method for the level set equation},
	Volume = {212},
	Year = {2006}}

@article{GTB+05,
	Author = {D. Gerlach and G. Tomar and G. Biswas and F. Durst},
	Date-Added = {2013-12-13 11:08:49 +0000},
	Date-Modified = {2013-12-17 09:43:25 +0000},
	Journal = {International Journal of Heat anh Mass Transfer},
	Pages = {740-754},
	Title = {Comparison of volume-of-fluid methods for surface tension-dominant two-phase flows},
	Volume = {49},
	Year = {2006}}

@article{ADB10,
	Author = {R.F. Ausas and E.A. Dari and G.C. Buscaglia},
	Date-Added = {2013-12-13 11:08:09 +0000},
	Date-Modified = {2014-05-20 09:23:09 +0000},
	Journal = {International Journal for Numerical Methods in Fluids},
	Title = {A geometric mass-preserving redistancing scheme for the level set function},
	Year = {2010}}

@article{ELF+05,
	Author = {D. Enright and F. Losasso and R. Fedkiw},
	Date-Added = {2013-12-13 11:08:09 +0000},
	Date-Modified = {2014-05-20 11:47:10 +0000},
	Journal = {Computers and Structures},
	Pages = {479--490},
	Title = {A fast and accurate \text{semi-Lagrangian} particle level set method},
	Volume = {83},
	Year = {2005}}

@article{HAC97,
	Author = {C.W. Hirt and A.A. Amsden and J.L. Cook},
	Date-Added = {2013-12-13 10:24:43 +0000},
	Date-Modified = {2014-05-20 11:52:17 +0000},
	Journal = {Journal of Computational Physics},
	Pages = {203-216},
	Title = {An Arbitrary \text{Lagrangian-Eulerian} Computing Method for All Flow Speeds},
	Volume = {135},
	Year = {1997}}

@article{HN81,
	Author = {C.W. Hirt and B.D. Nichols},
	Date-Added = {2013-12-13 10:14:42 +0000},
	Date-Modified = {2014-05-20 09:29:47 +0000},
	Journal = {Journal of Computational Physics},
	Pages = {201-225},
	Title = {Volume of Fluid (\text{VOF}) Method for the Dynamics of Free Boundaries},
	Volume = {39},
	Year = {1981}}

@article{SZ99,
	Author = {R. Scardovelli and S. Zaleski},
	Date-Added = {2013-12-13 09:52:56 +0000},
	Date-Modified = {2014-05-20 11:59:44 +0000},
	Journal = {Ann. Rev. Fluid Mech.},
	Pages = {567-603},
	Title = {Direct numerical simulation of free-surface and interfacial flow},
	Volume = {31},
	Year = {1999}}

@article{UT92,
	Author = {S.O. Unverdi and G. Tryggvason},
	Date-Added = {2013-12-11 16:01:23 +0000},
	Date-Modified = {2013-12-11 16:10:57 +0000},
	Journal = {Journal of Computational Physics},
	Pages = {25-37},
	Title = {A front-tracking method for viscous incompressible multi-fluid flows},
	Volume = {100},
	Year = {1992}}

@article{ET99,
	Author = {A. Esmaeeli and G. Tryggvason},
	Date-Added = {2013-12-11 15:52:07 +0000},
	Date-Modified = {2014-05-20 11:48:42 +0000},
	Journal = {Journal of Fluid Mechanics},
	Pages = {325-358},
	Title = {Direct numerical simulations of bubbly flows. \text{Part 2. Moderate Reynolds} number arrays},
	Volume = {385},
	Year = {1999}}

@article{ET98,
	Author = {A. Esmaeeli and G. Tryggvason},
	Date-Added = {2013-12-11 15:47:32 +0000},
	Date-Modified = {2014-05-20 11:49:03 +0000},
	Journal = {Journal of Fluid Mechanics},
	Pages = {313-345},
	Title = {Direct numerical simulations of bubbly flows. \text{Part 1. Low Reynolds} number arrays},
	Volume = {377},
	Year = {1998}}

@article{SMN+04,
	Author = {F.S. de Sousa and others},
	Date-Added = {2013-12-11 15:09:56 +0000},
	Date-Modified = {2013-12-11 16:14:04 +0000},
	Journal = {Journal of Computational Physics},
	Pages = {469-499},
	Title = {A front-tracking/front-capturing method for the simulation of 3D multi-fluid flows with free surfaces},
	Volume = {198},
	Year = {2004}}

@article{TBE+01,
	Author = {G. Tryggvason and others},
	Journal = {Journal of Computational Physics},
	Pages = {708-759},
	Title = {A front-tracking method for the computations of multiphase flow},
	Volume = {169},
	Year = {2001}}

@article{TFC+01,
	Author = {M.F. Tome and \emph{et al.}},
	Journal = {Journal of Computational Physics},
	Pages = {441-472},
	Title = {\text{GENSMAC3D}: a numerical method for solving unsteady three-dimensional free surface flows},
	Volume = {157},
	Year = {2000}}

@techreport{AH70,
	Author = {A.A. Amsden and F.H. Harlow},
	Date-Added = {2013-12-11 13:34:14 +0000},
	Date-Modified = {2014-05-20 10:15:34 +0000},
	Institution = {Los Alamos Scientific Laboratory},
	Title = {The \text{SMAC} method: a numerical technique for calculating incompressible fluid flows},
	Year = {1970}}

@article{HW65,
	Author = {F. H. Harlow and J. E. Welch},
	Date-Added = {2013-12-11 13:20:34 +0000},
	Date-Modified = {2013-12-11 15:27:47 +0000},
	Journal = {Physics of fluids},
	Number = {2182-2189},
	Title = {Numerical calculation of time-dependent viscous incompressible flow of fluid with free surface},
	Volume = {8},
	Year = {1965}}

@article{Rud97,
	Author = {MURRAY RUDMAN},
	Date-Added = {2013-12-10 08:53:54 +0000},
	Date-Modified = {2013-12-10 08:56:39 +0000},
	Journal = {International Journal for Numerical Methods in Fluids},
	Pages = {671-691},
	Title = {VOLUME-TRACKING METHODS FOR INTERFACIAL FLOW CALCULATIONS},
	Volume = {24}}

@conference{DF08,
	Address = {Sandia National Labs, Pittsburgh, PA},
	Author = {V. Ducrot and P. Frey},
	Booktitle = {In Proc. 17th Int. Meshing Roundtable},
	Pages = {177-194},
	Title = {Anisotropic level set adaptation for accurate interface capturing},
	Year = {2008}}

@article{AF04,
	Author = {F. Alauzet and P. Frey},
	Date-Added = {2013-12-06 15:33:59 +0000},
	Date-Modified = {2013-12-06 15:43:08 +0000},
	Journal = {Computer Methods in Applied Mechanics and Engineering},
	Pages = {5068--5082},
	Title = {Anisotropic mesh adaptation for CFD computations},
	Volume = {194},
	Year = {2004}}

@book{FG08,
	Author = {P. Frey and P. L. George},
	Date-Added = {2013-12-06 15:25:59 +0000},
	Date-Modified = {2013-12-06 15:39:57 +0000},
	Edition = {2nd},
	Publisher = {Wiley},
	Title = {Mesh generation. Application to finite elements},
	Year = {2008}}

@book{EG04,
	Author = {A. Ern and J. L. Guermond},
	Date-Added = {2013-12-05 08:59:37 +0000},
	Date-Modified = {2014-05-20 09:21:22 +0000},
	Publisher = {Springer},
	Title = {Theory and Practice of Finite Elements},
	Volume = {159},
	Year = {2004}}

@article{Gra04,
	Author = {V. Gravemeier and W.A. Wall and E. Ramm},
	Date-Added = {2013-11-04 13:13:13 +0000},
	Date-Modified = {2014-05-20 12:01:22 +0000},
	Journal = {Computer Methods in Applied Mechanics and Engineering},
	Number = {15-16},
	Pages = {1323-1366},
	Title = {A three-level finite element method for the instationary incompressible \text{Navier-Stokes} equations, Computer Methods in Applied Mechanics and Engineering},
	Volume = {193},
	Year = {2004}}

@article{ECG05,
	Author = {E. Erturk and T.C. Corke and C. Gokcol},
	Date-Added = {2013-11-04 09:21:53 +0000},
	Date-Modified = {2014-05-20 10:23:27 +0000},
	Journal = {International Journal for Numerical Methods in Fluids},
	Pages = {747-774},
	Title = {Numerical solutions of \text{2D} steady incompressible driven cavity flow at high \text{Reynolds} numbers},
	Volume = {48},
	Year = {2005}}

@article{LFX05,
	Author = {Q. Li and S. Fu and K. Xu},
	Date-Added = {2013-10-18 22:10:24 +0000},
	Date-Modified = {2014-05-20 09:33:21 +0000},
	Journal = {Journal of Computational Physics},
	Pages = {692-714},
	Title = {A compressible \text{Navier-Stokes} flow solver with scalar transport},
	Volume = {204},
	Year = {2005}}

@article{CCG08,
	Author = {C. Calgaro and E. Creus and T. Goudon},
	Date-Added = {2013-10-18 21:50:13 +0000},
	Date-Modified = {2014-04-17 21:05:53 +0000},
	Journal = {Journal of Computational Physics},
	Month = {April},
	Number = {9},
	Pages = {4671-4696},
	Title = {An Hybrid Finite Volume-Finite Element Method for Variable Density Incompressible Flows},
	Volume = {227},
	Year = {2008}}

@article{LJG96,
	Author = {X.L. Li and B.X. Jin and J. Glimm},
	Date-Added = {2013-10-17 15:10:58 +0000},
	Date-Modified = {2014-05-20 11:58:03 +0000},
	Journal = {Journal of Computational Physics},
	Pages = {343-355},
	Title = {Numerical Study for the Three-Dimensional \text{Rayleigh-Taylor} Instability through the \text{TVD/AC} Scheme and Parallel Computation},
	Volume = {126},
	Year = {1996}}

@article{FGQ01,
	Author = {Y. Fraigneau and J-L Guermond and L. Quartapelle},
	Date-Added = {2013-10-17 15:04:00 +0000},
	Date-Modified = {2014-04-14 13:58:38 +0000},
	Journal = {Communications in numerical methods in engineering},
	Pages = {983-902},
	Title = {Approximation of variable density incompressible flows by means of finite elements and finite volumes},
	Volume = {17},
	Year = {2001}}

@article{Try88,
	Author = {G. Tryggvason},
	Date-Added = {2013-10-17 15:00:36 +0000},
	Date-Modified = {2014-05-20 09:42:58 +0000},
	Journal = {Journal of Computational Physics},
	Pages = {253-282},
	Title = {Numerical simulation of the \text{Rayleigh-Taylor} instability},
	Volume = {75},
	Year = {1988}}

@article{Lee10,
	Author = {H.G. Lee and K. Kim and J. Kim},
	Date-Added = {2013-10-11 12:14:44 +0000},
	Date-Modified = {2014-05-20 09:35:06 +0000},
	Journal = {International Journal for Numerical Methods in Fluids},
	Pages = {1-25},
	Title = {On the long time simulation of the \text{Rayleigh-Taylor} instability},
	Volume = {00},
	Year = {2010}}

@article{HSL08,
	Author = {J. Hua and J. F. Stene and P. Lin},
	Date-Added = {2013-10-10 09:11:49 +0000},
	Date-Modified = {2014-05-20 11:53:20 +0000},
	Journal = {Journal of Computational Physics},
	Pages = {3358-3382},
	Title = {Numerical simulation of \text{3D} bubbles rising in viscous liquids using a front tracking method},
	Volume = {227},
	Year = {2008}}

@article{Luz10,
	Author = {L. A. Bower, T. Lee},
	Date-Added = {2013-10-10 09:08:40 +0000},
	Date-Modified = {2014-04-17 21:08:25 +0000},
	Journal = {Journal of Computational Physics},
	Pages = {1191-1207},
	Title = {Single bubble rising dynamics for moderate Reynolds number using Lattice Boltzmann Method},
	Volume = {39},
	Year = {2010}}

@article{HSL07,
	Author = {J. Hua and J. F. Stene and P. Lin},
	Journal = {Journal of Computational Physics},
	Pages = {769-795},
	Title = {Numerical simulation of bubble rising in viscous liquid},
	Volume = {222},
	Year = {2007}}

@article{Tang95,
	Author = {L. Q. Tang and T. Cheng and T. T. H. Tsang},
	Date-Added = {2013-09-29 21:33:44 +0000},
	Date-Modified = {2013-09-29 21:35:35 +0000},
	Journal = {International Journal for Numerical Methods in Fluids},
	Month = {september},
	Number = {5},
	Pages = {413-432},
	Title = {Transient solutions for three-dimensional lid-driven cavity flows by a least-squares finite element method},
	Volume = {21},
	Year = {1995}}

@article{Yang98,
	Author = {J-Y. Yang and S-C. Yang and Y-N. Chen and C-A. Hsu},
	Date-Added = {2013-09-29 21:26:52 +0000},
	Date-Modified = {2013-09-29 21:30:23 +0000},
	Journal = {Journal of Computational Physics},
	Month = {October},
	Number = {1},
	Pages = {464-487},
	Title = {Implicit Weighted ENO Schemes for the Three-Dimensional Incompressible Navier--Stokes Equations},
	Volume = {146},
	Year = {1998}}

@article{Ku87,
	Author = {H.C. Ku and R.S. Hirsh and T.D. Taylor},
	Date-Added = {2013-09-29 21:22:50 +0000},
	Date-Modified = {2014-05-20 09:32:17 +0000},
	Journal = {Journal of Computational Physics},
	Month = {June},
	Number = {2},
	Pages = {439-462},
	Title = {A pseudospectral method for solution of the three-dimensional incompressible \text{Navier-Stokes} equations},
	Volume = {70},
	Year = {1987}}

@article{Hac10,
	Author = {E. Hachem and B. Rivaux and T. Kloczko and H. Digonnet and T. Coupez},
	Date-Added = {2013-09-29 21:06:13 +0000},
	Date-Modified = {2014-05-20 11:51:42 +0000},
	Journal = {Journal of Computational Physics},
	Month = {November},
	Number = {23},
	Pages = {8643-8665},
	Title = {Stabilized finite element method for incompressible flows with high \text{Reynolds} number},
	Volume = {299},
	Year = {2010}}

@techreport{RR99,
	Author = {M. Gorazd and B. Mohammadi},
	Date-Added = {2013-09-25 21:50:38 +0000},
	Date-Modified = {2014-05-20 11:50:56 +0000},
	Institution = {INRIA Rocquencourt},
	Month = {March},
	Number = {3644},
	Title = {\text{NSIKE}- An Incompressible \text{Navier-Stokes} Solver for Unstructured Meshes},
	Year = {1999}}

@article{Ghia,
	Author = {U. Ghia, K.N. Ghia, C.T Shin},
	Date-Added = {2013-09-25 08:44:06 +0000},
	Date-Modified = {2014-05-20 09:43:33 +0000},
	Journal = {Journal of Computational Physics},
	Number = {3},
	Pages = {387-411},
	Title = {High-Resolution for incompressible flow using the \text{Navier-Stokes} equations and a multigrid method},
	Volume = {48},
	Year = {1982}}

@article{Rui01,
	Author = {H. Rui and M. Tabata},
	Date-Added = {2013-09-15 20:37:10 +0000},
	Date-Modified = {2013-09-15 20:42:46 +0000},
	Journal = {Numerische Mathematik},
	Month = {July},
	Number = {1},
	Pages = {161-177},
	Title = {A second order characteristic finite element scheme A second order characteristic finite element scheme for convection-diffusion problems},
	Volume = {92},
	Year = {2002}}

@phdthesis{Cuc,
	Author = {C. Bui},
	Date-Added = {2013-09-11 09:42:56 +0000},
	Date-Modified = {2013-09-11 09:51:20 +0000},
	School = {Universite Pierre et Marie Curie},
	Title = {Simulation des {\'e}coulements bifluides, une strat{\'e}gie de couplage bas{\'e}e sur l'adaptation de maillage anisotrope},
	Year = {2009}}

@book{Set99,
	Author = {J. A. Sethian},
	Date-Added = {2013-09-07 15:50:48 +0000},
	Date-Modified = {2013-09-07 15:57:52 +0000},
	Publisher = {Cambridge University Press},
	Title = {Level Set Methods and Fast Marching Methods},
	Year = {1999}}

@book{GR11,
	Author = {S. Gross and A. Reusken},
	Publisher = {Springer},
	Series = {Springer Series in Computational Mathematics},
	Title = {Numerical methods for two-phase incompressible flows},
	Volume = {40},
	Year = {2011}}

@article{BFM10,
	Author = {C. Bui and P. Frey and B. Maury},
	Journal = {International Journal for Numerical Methods in Fluids},
	Number = {10},
	Pages = {1226-1247},
	Title = {A coupling strategy based on anisotropic mesh adaptation for solving two-fluid flows},
	Volume = {66},
	Year = {2010}}

@article{BEH01,
	Author = {M. Behr},
	Journal = {Comm. Numer. Meth. Engrg.},
	Pages = {813-819},
	Title = {Stabilized space-time finite element formulations for free-surface flows},
	Volume = {11},
	Year = {2001}}

@article{GT09,
	Author = {S. Ganesan and L. Tobiska},
	Journal = {J. Comp. Phys.},
	Pages = {2859-2873},
	Title = {A coupled arbitrary Lagrangian-Eulerian and Lagrangian method for computation of free surface flows with insoluble surfactants},
	Volume = {228},
	Year = {2009}}

@article{GT94,
	Author = {Y. Giga and S. Takahashi},
	Journal = {SIAM J. Math. Anal.},
	Pages = {876-893},
	Title = {On global weak solutions of the nonstationary two-phase Stokes flow},
	Volume = {25},
	Year = {1994}}

@article{BAN01,
	Author = {E. Baensch},
	Journal = {Numer. Math.},
	Pages = {203-235},
	Title = {Finite element discretization of the Navier-Stokes equations with a free capillary surface},
	Volume = {88},
	Year = {2001}}

@article{Tan93,
	Author = {N. Tanaka},
	Journal = {Comm. in Partial Differential Equations},
	Pages = {41-81},
	Title = {Global existence of two-phase nonhomogeneous viscous incompressible fluid flow},
	Volume = {18},
	Year = {1993}}

@book{Qua09,
	Author = {A. Quarteroni},
	Chapter = {15},
	Date-Added = {2013-09-06 20:40:05 +0000},
	Date-Modified = {2014-05-20 09:41:00 +0000},
	Publisher = {Springer},
	Series = {MS-A},
	Title = {Numerical Models for Differential Problems},
	Volume = {2},
	Year = {2009}}

@article{BDF12,
	Author = {C.Bui and C. Dapogny and P. Frey},
	Date-Added = {2013-03-20 16:08:57 +0000},
	Date-Modified = {2013-12-16 20:41:06 +0000},
	Journal = {International Journal for Numerical Methods in Fluids},
	Number = {7},
	Pages = {899-922},
	Title = {An accurate anisotropic adaptation method for solving the level set advection equation},
	Volume = {70},
	Year = {2012}}

@article{Pir82,
	Author = {O. Pironneau},
	Date-Added = {2013-03-20 14:56:10 +0000},
	Date-Modified = {2014-05-20 09:36:57 +0000},
	Journal = {Numerische Mathematik},
	Number = {3},
	Pages = {309-332},
	Title = {On the Transport-Diffusion Algorithm and Its Applications to the \text{Navier-Stokes} Equations},
	Volume = {38},
	Year = {1982}}
